@inproceedings{dinu2015felics,
  title={FELICS-fair evaluation of lightweight cryptographic systems},
  author={Dinu, Daniel and Biryukov, Alex and Gro{\ss}sch{\"a}dl, Johann and Khovratovich, Dmitry and Le Corre, Yann and Perrin, L{\'e}o},
  booktitle={NIST Workshop on Lightweight Cryptography},
  volume={128},
  year={2015},
  organization={NIST}
}

@InProceedings{Pojoga2022,
  author    = {Gheorghe Pojoga and Kostas Papagiannopoulos},
  booktitle = {{CF} '22: 19th {ACM} International Conference on Computing Frontiers, Turin, Italy, May 17 - 22, 2022},
  title     = {Low-latency implementation of the {GIFT} cipher on {RISC-V} architectures},
  year      = {2022},
  editor    = {Luca Sterpone and Andrea Bartolini and Anastasiia Butko},
  pages     = {287--295},
  publisher = {{ACM}},
  bibsource = {dblp computer science bibliography, https://dblp.org},
  biburl    = {https://dblp.org/rec/conf/cf/PojogaP22.bib},
  doi       = {10.1145/3528416.3530996},
}

@InProceedings{Schwabe2016,
  author    = {Peter Schwabe and Ko Stoffelen},
  booktitle = {Selected Areas in Cryptography - {SAC} 2016 - 23rd International Conference, St. John's, NL, Canada, August 10-12, 2016, Revised Selected Papers},
  title     = {All the {AES} You Need on Cortex-M3 and {M4}},
  year      = {2016},
  editor    = {Roberto Avanzi and Howard M. Heys},
  pages     = {180--194},
  publisher = {Springer},
  series    = {Lecture Notes in Computer Science},
  volume    = {10532},
  bibsource = {dblp computer science bibliography, https://dblp.org},
  biburl    = {https://dblp.org/rec/conf/sacrypt/SchwabeS16.bib},
  doi       = {10.1007/978-3-319-69453-5\_{1}{0}},

}

@InProceedings{Kim2021,
  author    = {Hyunjun Kim and Kyungbae Jang and Gyeongju Song and Minjoo Sim and Siwoo Eum and Hyunji Kim and Hyeokdong Kwon and Wai{-}Kong Lee and Hwajeong Seo},
  booktitle = {Information Security and Cryptology - {ICISC} 2021 - 24th International Conference, Seoul, South Korea, December 1-3, 2021, Revised Selected Papers},
  title     = {{SPEEDY} on Cortex-M3: Efficient Software Implementation of {SPEEDY} on {ARM} Cortex-M3},
  year      = {2021},
  editor    = {Jong Hwan Park and Seung{-}Hyun Seo},
  pages     = {434--444},
  publisher = {Springer},
  series    = {Lecture Notes in Computer Science},
  volume    = {13218},
  bibsource = {dblp computer science bibliography, https://dblp.org},
  biburl    = {https://dblp.org/rec/conf/icisc/KimJSSEKKLS21.bib},
  doi       = {10.1007/978-3-031-08896-4\_{2}{3}},

}

@Article{Adomnicai2021,
  author    = {Alexandre Adomnicai and Thomas Peyrin},
  journal   = {{IACR} Trans. Cryptogr. Hardw. Embed. Syst.},
  title     = {Fixslicing AES-like Ciphers New bitsliced {AES} speed records on ARM-Cortex {M} and {RISC-V}},
  year      = {2021},
  number    = {1},
  pages     = {402--425},
  volume    = {2021},
  bibsource = {dblp computer science bibliography, https://dblp.org},
  biburl    = {https://dblp.org/rec/journals/tches/AdomnicaiP21.bib},
  doi       = {10.46586/TCHES.V2021.I1.402-425},
}

@InProceedings{Stoffelen2019,
  author    = {Ko Stoffelen},
  booktitle = {Progress in Cryptology - {LATINCRYPT} 2019 - 6th International Conference on Cryptology and Information Security in Latin America, Santiago de Chile, Chile, October 2-4, 2019, Proceedings},
  title     = {Efficient Cryptography on the {RISC-V} Architecture},
  year      = {2019},
  editor    = {Peter Schwabe and Nicolas Th{\'{e}}riault},
  pages     = {323--340},
  publisher = {Springer},
  series    = {Lecture Notes in Computer Science},
  volume    = {11774},
  bibsource = {dblp computer science bibliography, https://dblp.org},
  biburl    = {https://dblp.org/rec/conf/latincrypt/Stoffelen19.bib},
  doi       = {10.1007/978-3-030-30530-7\_{1}{6}},

}

@InProceedings{Campos2020,
  author    = {Fabio Campos and Lars Jellema and Mauk Lemmen and Lars M{\"{u}}ller and Amber Sprenkels and Beno{\^{\i}}t Viguier},
  booktitle = {Cryptology and Network Security - 19th International Conference, {CANS} 2020, Vienna, Austria, December 14-16, 2020, Proceedings},
  title     = {Assembly or Optimized {C} for Lightweight Cryptography on RISC-V?},
  year      = {2020},
  editor    = {Stephan Krenn and Haya Schulmann and Serge Vaudenay},
  pages     = {526--545},
  publisher = {Springer},
  series    = {Lecture Notes in Computer Science},
  volume    = {12579},
  bibsource = {dblp computer science bibliography, https://dblp.org},
  biburl    = {https://dblp.org/rec/conf/cans/CamposJL0SV20.bib},
  doi       = {10.1007/978-3-030-65411-5\_{2}{6}},

}

@Article{Adomnicai2020,
  author    = {Alexandre Adomnicai and Zakaria Najm and Thomas Peyrin},
  journal   = {{IACR} Trans. Cryptogr. Hardw. Embed. Syst.},
  title     = {Fixslicing: {A} New {GIFT} Representation Fast Constant-Time Implementations of {GIFT} and {GIFT-COFB} on {ARM} Cortex-M},
  year      = {2020},
  number    = {3},
  pages     = {402--427},
  volume    = {2020},
  bibsource = {dblp computer science bibliography, https://dblp.org},
  biburl    = {https://dblp.org/rec/journals/tches/AdomnicaiNP20.bib},
  doi       = {10.13154/TCHES.V2020.I3.402-427},
}

@Article{Feng2024,
  author    = {Jingya Feng and Yongzhuang Wei and Fengrong Zhang and Enes Pasalic and Yu Zhou},
  journal   = {{IEEE} Trans. Circuits Syst. {I} Regul. Pap.},
  title     = {Novel Optimized Implementations of Lightweight Cryptographic S-Boxes via {SAT} Solvers},
  year      = {2024},
  number    = {1},
  pages     = {334--347},
  volume    = {71},
  bibsource = {dblp computer science bibliography, https://dblp.org},
  biburl    = {https://dblp.org/rec/journals/tcasI/FengWZPZ24.bib},
  doi       = {10.1109/TCSI.2023.3325559},
}

@InProceedings{Beierle2016,
  author    = {Christof Beierle and J{\'{e}}r{\'{e}}my Jean and Stefan K{\"{o}}lbl and Gregor Leander and Amir Moradi and Thomas Peyrin and Yu Sasaki and Pascal Sasdrich and Siang Meng Sim},
  booktitle = {Advances in Cryptology - {CRYPTO} 2016 - 36th Annual International Cryptology Conference, Santa Barbara, CA, USA, August 14-18, 2016, Proceedings, Part {II}},
  title     = {The {SKINNY} Family of Block Ciphers and Its Low-Latency Variant {MANTIS}},
  year      = {2016},
  editor    = {Matthew Robshaw and Jonathan Katz},
  pages     = {123--153},
  publisher = {Springer},
  series    = {Lecture Notes in Computer Science},
  volume    = {9815},
  bibsource = {dblp computer science bibliography, https://dblp.org},
  biburl    = {https://dblp.org/rec/conf/crypto/BeierleJKL0PSSS16.bib},
  doi       = {10.1007/978-3-662-53008-5\_5},

}

@InProceedings{Adomnicai2022,
  author    = {Alexandre Adomnicai and Kazuhiko Minematsu and Maki Shigeri},
  booktitle = {Information Security and Privacy - 27th Australasian Conference, {ACISP} 2022, Wollongong, NSW, Australia, November 28-30, 2022, Proceedings},
  title     = {Fast Skinny-128 {SIMD} Implementations for Sequential Modes of Operation},
  year      = {2022},
  editor    = {Khoa Nguyen and Guomin Yang and Fuchun Guo and Willy Susilo},
  pages     = {125--144},
  publisher = {Springer},
  series    = {Lecture Notes in Computer Science},
  volume    = {13494},
  bibsource = {dblp computer science bibliography, https://dblp.org},
  biburl    = {https://dblp.org/rec/conf/acisp/AdomnicaiMS22.bib},
  doi       = {10.1007/978-3-031-22301-3\_7},

}

@Article{Avanzi2023,
  author    = {Roberto Avanzi and Subhadeep Banik and Orr Dunkelman and Maria Eichlseder and Shibam Ghosh and Marcel Nageler and Francesco Regazzoni},
  journal   = {{IACR} Trans. Symmetric Cryptol.},
  title     = {The QARMAv2 Family of Tweakable Block Ciphers},
  year      = {2023},
  number    = {3},
  pages     = {25--73},
  volume    = {2023},
  bibsource = {dblp computer science bibliography, https://dblp.org},
  biburl    = {https://dblp.org/rec/journals/tosc/AvanziBDEGNR23.bib},
  doi       = {10.46586/TOSC.V2023.I3.25-73},
}

@Article{Bao2019,
  author    = {Zhenzhen Bao and Jian Guo and San Ling and Yu Sasaki},
  journal   = {{IACR} Trans. Symmetric Cryptol.},
  title     = {{PEIGEN} - a Platform for Evaluation, Implementation, and Generation of S-boxes},
  year      = {2019},
  number    = {1},
  pages     = {330--394},
  volume    = {2019},
  bibsource = {dblp computer science bibliography, https://dblp.org},
  biburl    = {https://dblp.org/rec/journals/tosc/BaoGLS19.bib},
  doi       = {10.13154/TOSC.V2019.I1.330-394},
}

@InProceedings{Stoffelen2016,
  author    = {Ko Stoffelen},
  booktitle = {Fast Software Encryption - 23rd International Conference, {FSE} 2016, Bochum, Germany, March 20-23, 2016, Revised Selected Papers},
  title     = {Optimizing S-Box Implementations for Several Criteria Using {SAT} Solvers},
  year      = {2016},
  editor    = {Thomas Peyrin},
  pages     = {140--160},
  publisher = {Springer},
  series    = {Lecture Notes in Computer Science},
  volume    = {9783},
  bibsource = {dblp computer science bibliography, https://dblp.org},
  biburl    = {https://dblp.org/rec/conf/fse/Stoffelen16.bib},
  doi       = {10.1007/978-3-662-52993-5\_8},

}

@InProceedings{Banik2020,
  author    = {Subhadeep Banik and Zhenzhen Bao and Takanori Isobe and Hiroyasu Kubo and Fukang Liu and Kazuhiko Minematsu and Kosei Sakamoto and Nao Shibata and Maki Shigeri},
  booktitle = {Selected Areas in Cryptography - {SAC} 2020 - 27th International Conference, Halifax, NS, Canada (Virtual Event), October 21-23, 2020, Revised Selected Papers},
  title     = {{WARP} : Revisiting {GFN} for Lightweight 128-Bit Block Cipher},
  year      = {2020},
  editor    = {Orr Dunkelman and Michael J. Jacobson Jr. and Colin O'Flynn},
  pages     = {535--564},
  publisher = {Springer},
  series    = {Lecture Notes in Computer Science},
  volume    = {12804},
  bibsource = {dblp computer science bibliography, https://dblp.org},
  biburl    = {https://dblp.org/rec/conf/sacrypt/BanikBIKLMSSS20.bib},
  doi       = {10.1007/978-3-030-81652-0\_{2}{1}},

}

@InProceedings{Banik2015,
  author    = {Subhadeep Banik and Andrey Bogdanov and Takanori Isobe and Kyoji Shibutani and Harunaga Hiwatari and Toru Akishita and Francesco Regazzoni},
  booktitle = {Advances in Cryptology - {ASIACRYPT} 2015 - 21st International Conference on the Theory and Application of Cryptology and Information Security, Auckland, New Zealand, November 29 - December 3, 2015, Proceedings, Part {II}},
  title     = {Midori: {A} Block Cipher for Low Energy},
  year      = {2015},
  editor    = {Tetsu Iwata and Jung Hee Cheon},
  pages     = {411--436},
  publisher = {Springer},
  series    = {Lecture Notes in Computer Science},
  volume    = {9453},
  bibsource = {dblp computer science bibliography, https://dblp.org},
  biburl    = {https://dblp.org/rec/conf/asiacrypt/BanikBISHAR15.bib},
  doi       = {10.1007/978-3-662-48800-3\_{1}{7}},

}

@Book{Daemen2002a,
  author    = {Joan Daemen and Vincent Rijmen},
  publisher = {Springer},
  title     = {The Design of Rijndael: {AES} - The Advanced Encryption Standard},
  year      = {2002},
  isbn      = {3-540-42580-2},
  series    = {Information Security and Cryptography},
  bibsource = {dblp computer science bibliography, https://dblp.org},
  biburl    = {https://dblp.org/rec/books/sp/DaemenR02.bib},
  doi       = {10.1007/978-3-662-04722-4},
  priority  = {prio3},
}

@Misc{Meiser2008a,
  author    = {Gordon Meiser and Thomas Eisenbarth and Kerstin Lemke-Rust and Christof Paar},
  title     = {Efficient implementation of eSTREAM ciphers on 8-bit AVR microcontrollers},
  year      = {2008},
  doi       = {10.1109/sies.2008.4577681},
  journal   = {2008 International Symposium on Industrial Embedded Systems},
  priority  = {prio3},
  publisher = {IEEE},
}

@Article{Shahbazi2021,
  author    = {Karim Shahbazi and Seok{-}Bum Ko},
  journal   = {{IEEE} Trans. Very Large Scale Integr. Syst.},
  title     = {Area-Efficient Nano-AES Implementation for Internet-of-Things Devices},
  year      = {2021},
  number    = {1},
  pages     = {136--148},
  volume    = {29},
  bibsource = {dblp computer science bibliography, https://dblp.org},
  biburl    = {https://dblp.org/rec/journals/tvlsi/ShahbaziK21.bib},
  doi       = {10.1109/TVLSI.2020.3033928},
}

@InProceedings{Kaesper2009,
  author    = {Emilia K{\"{a}}sper and Peter Schwabe},
  booktitle = {Cryptographic Hardware and Embedded Systems - {CHES} 2009, 11th International Workshop, Lausanne, Switzerland, September 6-9, 2009, Proceedings},
  title     = {Faster and Timing-Attack Resistant {AES-GCM}},
  year      = {2009},
  editor    = {Christophe Clavier and Kris Gaj},
  pages     = {1--17},
  publisher = {Springer},
  series    = {Lecture Notes in Computer Science},
  volume    = {5747},
  bibsource = {dblp computer science bibliography, https://dblp.org},
  biburl    = {https://dblp.org/rec/conf/ches/KasperS09.bib},
  doi       = {10.1007/978-3-642-04138-9\_1},

}

@Article{Liu2024,
  author    = {Jiangxue Liu and Cankun Zhao and Shuohang Peng and Bohan Yang and Hang Zhao and Xiangdong Han and Min Zhu and Shaojun Wei and Leibo Liu},
  journal   = {{IACR} Trans. Cryptogr. Hardw. Embed. Syst.},
  title     = {A Low-Latency High-Order Arithmetic to Boolean Masking Conversion},
  year      = {2024},
  number    = {2},
  pages     = {630--653},
  volume    = {2024},
  bibsource = {dblp computer science bibliography, https://dblp.org},
  biburl    = {https://dblp.org/rec/journals/tches/LiuZPYZHZWL24.bib},
  doi       = {10.46586/TCHES.V2024.I2.630-653},
}

@Article{Kiaei2023,
  author    = {Pantea Kiaei and Thomas Conroy and Patrick Schaumont},
  journal   = {IEEE Transactions on Emerging Topics in Computing},
  title     = {Architecture Support for Bitslicing},
  year      = {2023},
  issn      = {2168-6750},
  number    = {2},
  pages     = {497-510},
  volume    = {11},
  doi       = {10.1109/tetc.2022.3215480},
  publisher = {Institute of Electrical and Electronics Engineers (IEEE)},
}

@Article{Leurent2024,
  author    = {Ga{\"{e}}tan Leurent and Clara Pernot},
  journal   = {{IACR} Trans. Symmetric Cryptol.},
  title     = {Design of a Linear Layer Optimised for Bitsliced 32-bit Implementation},
  year      = {2024},
  number    = {1},
  pages     = {441--458},
  volume    = {2024},
  bibsource = {dblp computer science bibliography, https://dblp.org},
  biburl    = {https://dblp.org/rec/journals/tosc/LeurentP24.bib},
  doi       = {10.46586/TOSC.V2024.I1.441-458},
}

@InProceedings{Biham1997,
  author    = {Eli Biham},
  booktitle = {Fast Software Encryption, 4th International Workshop, {FSE} '97, Haifa, Israel, January 20-22, 1997, Proceedings},
  title     = {A Fast New {DES} Implementation in Software},
  year      = {1997},
  editor    = {Eli Biham},
  pages     = {260--272},
  publisher = {Springer},
  series    = {Lecture Notes in Computer Science},
  volume    = {1267},
  bibsource = {dblp computer science bibliography, https://dblp.org},
  biburl    = {https://dblp.org/rec/conf/fse/Biham97a.bib},
  doi       = {10.1007/BFB0052352},
}

@Article{Bronchain2022,
  author    = {Olivier Bronchain and Ga{\"{e}}tan Cassiers},
  journal   = {{IACR} Trans. Cryptogr. Hardw. Embed. Syst.},
  title     = {Bitslicing Arithmetic/Boolean Masking Conversions for Fun and Profit with Application to Lattice-Based KEMs},
  year      = {2022},
  number    = {4},
  pages     = {553--588},
  volume    = {2022},
  bibsource = {dblp computer science bibliography, https://dblp.org},
  biburl    = {https://dblp.org/rec/journals/tches/BronchainC22.bib},
  doi       = {10.46586/TCHES.V2022.I4.553-588},
}

@Article{Shannon1949,
  author    = {C. E. Shannon},
  journal   = {Bell System Technical Journal},
  title     = {Communication Theory of Secrecy Systems*},
  year      = {1949},
  issn      = {0005-8580},
  number    = {4},
  pages     = {656-715},
  volume    = {28},
  doi       = {10.1002/j.1538-7305.1949.tb00928.x},
  publisher = {Institute of Electrical and Electronics Engineers (IEEE)},
}

@Article{Hajihassani2019,
  author    = {Omid Hajihassani and Saleh Khalaj Monfared and Seyed Hossein Khasteh and Saeid Gorgin},
  journal   = {{IEEE} Trans. Parallel Distributed Syst.},
  title     = {Fast {AES} Implementation: {A} High-Throughput Bitsliced Approach},
  year      = {2019},
  number    = {10},
  pages     = {2211--2222},
  volume    = {30},
  bibsource = {dblp computer science bibliography, https://dblp.org},
  biburl    = {https://dblp.org/rec/journals/tpds/HajihassaniMKG19.bib},
  doi       = {10.1109/TPDS.2019.2911278},
}

@InProceedings{Nishikawa2017,
  author    = {Naoki Nishikawa and Hideharu Amano and Keisuke Iwai},
  booktitle = {Network and System Security - 11th International Conference, {NSS} 2017, Helsinki, Finland, August 21-23, 2017, Proceedings},
  title     = {Implementation of Bitsliced {AES} Encryption on CUDA-Enabled {GPU}},
  year      = {2017},
  editor    = {Zheng Yan and Refik Molva and Wojciech Mazurczyk and Raimo Kantola},
  pages     = {273--287},
  publisher = {Springer},
  series    = {Lecture Notes in Computer Science},
  volume    = {10394},
  bibsource = {dblp computer science bibliography, https://dblp.org},
  biburl    = {https://dblp.org/rec/conf/nss/NishikawaAI17.bib},
  doi       = {10.1007/978-3-319-64701-2\_{2}{0}},

}

@Misc{Monfared2020,
  author    = {Saleh Khalaj Monfared and Omid Hajihassani and Mohammad Sina Kiarostami and Soroush Meghdadi Zanjani and Dara Rahmati and Saeid Gorgin},
  title     = {BSRNG: A High Throughput Parallel BitSliced Approach for Random Number Generators},
  year      = {2020},
  doi       = {10.1145/3409390.3409402},
  journal   = {49th International Conference on Parallel Processing - ICPP : Workshops},
  pages     = {1-10},
  publisher = {ACM},
  volume    = {11},
}

@Article{Sovyn2021,
  author    = {and Ya. R. Sovyn and V. V. Khoma and},
  journal   = {Ukrainian Journal of Information Technology},
  title     = {Heuristic method for bitsliced representation of randomly generated 8×8 cryptographic S-Box},
  year      = {2021},
  issn      = {2707-1898},
  number    = {2},
  pages     = {58-65},
  volume    = {3},
  doi       = {10.23939/ujit2021.02.058},
  publisher = {Lviv Polytechnic National University},
}

@Article{Xu2022,
  author    = {Runqing Xu and Zejun Xiang and Da Lin and Shasha Zhang and Debiao He and Xiangyong Zeng},
  journal   = {J. Inf. Secur. Appl.},
  title     = {High-throughput block cipher implementations with {SIMD}},
  year      = {2022},
  pages     = {103333},
  volume    = {70},
  bibsource = {dblp computer science bibliography, https://dblp.org},
  biburl    = {https://dblp.org/rec/journals/istr/XuXLZHZ22.bib},
  doi       = {10.1016/J.JISA.2022.103333},
}

@Article{Dobraunig2021,
  author    = {Christoph Dobraunig and Maria Eichlseder and Florian Mendel and Martin Schl{\"{a}}ffer},
  journal   = {J. Cryptol.},
  title     = {Ascon v1.2: Lightweight Authenticated Encryption and Hashing},
  year      = {2021},
  number    = {3},
  pages     = {33},
  volume    = {34},
  bibsource = {dblp computer science bibliography, https://dblp.org},
  biburl    = {https://dblp.org/rec/journals/joc/DobraunigEMS21.bib},
  doi       = {10.1007/S00145-021-09398-9},
}

@Misc{Boyar2010,
  author    = {Joan Boyar and René Peralta},
  title     = {A New Combinational Logic Minimization Technique with Applications to Cryptology},
  year      = {2010},
  doi       = {10.1007/978-3-642-13193-6_16},
  issn      = {0302-9743},
  pages     = {178-189},
  publisher = {Springer Berlin Heidelberg},
}

@Article{Lee2024,
  author    = {Seungkwang Lee and Jeong{-}Nyeo Kim},
  journal   = {{IEEE} Trans. Inf. Forensics Secur.},
  title     = {Balanced Encoding of Near-Zero Correlation for an {AES} Implementation},
  year      = {2024},
  pages     = {6589--6603},
  volume    = {19},
  bibsource = {dblp computer science bibliography, https://dblp.org},
  biburl    = {https://dblp.org/rec/journals/tifs/LeeK24.bib},
  doi       = {10.1109/TIFS.2024.3420101},
}

@Article{Inoue2022,
  author    = {Akiko Inoue and Kazuhiko Minematsu and Maya Oda and Rei Ueno and Naofumi Homma},
  journal   = {{IEEE} Trans. Inf. Forensics Secur.},
  title     = {{ELM:} {A} Low-Latency and Scalable Memory Encryption Scheme},
  year      = {2022},
  pages     = {2628--2643},
  volume    = {17},
  bibsource = {dblp computer science bibliography, https://dblp.org},
  biburl    = {https://dblp.org/rec/journals/tifs/InoueMOUH22.bib},
  doi       = {10.1109/TIFS.2022.3188146},
}

@Article{Ye2024,
  author    = {Zewen Ye and Ruibing Song and Hao Zhang and Donglong Chen and Ray Chak{-}Chung Cheung and Kejie Huang},
  journal   = {{IACR} Trans. Cryptogr. Hardw. Embed. Syst.},
  title     = {A Highly-efficient Lattice-based Post-Quantum Cryptography Processor for IoT Applications},
  year      = {2024},
  number    = {2},
  pages     = {130--153},
  volume    = {2024},
  bibsource = {dblp computer science bibliography, https://dblp.org},
  biburl    = {https://dblp.org/rec/journals/tches/YeSZCCH24.bib},
  doi       = {10.46586/TCHES.V2024.I2.130-153},
}

@Article{Ji2024,
  author    = {Xinyi Ji and Jiankuo Dong and Junhao Huang and Zhijian Yuan and Wangchen Dai and Fu Xiao and Jingqiang Lin},
  journal   = {IEEE Transactions on Computers},
  title     = {ECO-CRYSTALS: Efficient Cryptography CRYSTALS on Standard RISC-V ISA},
  year      = {2024},
  issn      = {0018-9340},
  pages     = {1-13},
  doi       = {10.1109/tc.2024.3483631},
  publisher = {Institute of Electrical and Electronics Engineers (IEEE)},
}

@Article{Jati2020,
  author    = {Arpan Jati and Naina Gupta and Anupam Chattopadhyay and Somitra Kumar Sanadhya and Donghoon Chang},
  journal   = {{IEEE} Trans. Inf. Forensics Secur.},
  title     = {Threshold Implementations of GIFT: {A} Trade-Off Analysis},
  year      = {2020},
  pages     = {2110--2120},
  volume    = {15},
  bibsource = {dblp computer science bibliography, https://dblp.org},
  biburl    = {https://dblp.org/rec/journals/tifs/JatiGCSC20.bib},
  doi       = {10.1109/TIFS.2019.2957974},
}

@Article{Sovyn2023,
  author    = {Yaroslav Sovyn and Volodymyr Khoma and Michal Podpora},
  journal   = {{IEEE} Trans. Inf. Forensics Secur.},
  title     = {Bitsliced Implementation of Non-Algebraic 8×8 Cryptographic S-Boxes Using ×86-64 Processor SIMD Instructions},
  year      = {2023},
  issn      = {1556-6013},
  pages     = {491-500},
  volume    = {18},
  doi       = {10.1109/tifs.2022.3223782},
  publisher = {Institute of Electrical and Electronics Engineers (IEEE)},
}

@Article{Yang2021,
  author    = {Zheng Yang and Zhiting Bao and Chenglu Jin and Zhe Liu and Jianying Zhou},
  journal   = {{IACR} Trans. Symmetric Cryptol.},
  title     = {PLCrypto: {A} Symmetric Cryptographic Library for Programmable Logic Controllers},
  year      = {2021},
  number    = {3},
  pages     = {170--217},
  volume    = {2021},
  bibsource = {dblp computer science bibliography, https://dblp.org},
  biburl    = {https://dblp.org/rec/journals/tosc/0001BJL021.bib},
  doi       = {10.46586/TOSC.V2021.I3.170-217},
}

@Article{Bilgin2020,
  author    = {Beg{\"{u}}l Bilgin and Lauren De Meyer and S{\'{e}}bastien Duval and Itamar Levi and Fran{\c{c}}ois{-}Xavier Standaert},
  journal   = {{IACR} Trans. Symmetric Cryptol.},
  title     = {Low {AND} Depth and Efficient Inverses: a Guide on S-boxes for Low-latency Masking},
  year      = {2020},
  number    = {1},
  pages     = {144--184},
  volume    = {2020},
  bibsource = {dblp computer science bibliography, https://dblp.org},
  biburl    = {https://dblp.org/rec/journals/tosc/BilginMDLS20.bib},
  doi       = {10.13154/TOSC.V2020.I1.144-184},
}

@Book{Daemen2020,
  author    = {Joan Daemen and Vincent Rijmen},
  publisher = {Springer},
  title     = {The Design of Rijndael - The Advanced Encryption Standard (AES), Second Edition},
  year      = {2020},
  isbn      = {978-3-662-60768-8},
  series    = {Information Security and Cryptography},
  bibsource = {dblp computer science bibliography, https://dblp.org},
  biburl    = {https://dblp.org/rec/series/isc/DaemenR20.bib},
  doi       = {10.1007/978-3-662-60769-5},
}

@Article{Liu2020,
  author    = {Zhe Liu and Reza Azarderakhsh and Howon Kim and Hwajeong Seo},
  journal   = {{IEEE} Trans. Computers},
  title     = {Efficient Software Implementation of Ring-LWE Encryption on IoT Processors},
  year      = {2020},
  number    = {10},
  pages     = {1424--1433},
  volume    = {69},
  bibsource = {dblp computer science bibliography, https://dblp.org},
  biburl    = {https://dblp.org/rec/journals/tc/LiuAKS20.bib},
  doi       = {10.1109/TC.2017.2750146},
}

@Comment{jabref-meta: databaseType:bibtex;}
